<?xml version="1.0" encoding="UTF-8"?><collection><record><leader>05954ntm a2200625 a 4500</leader><controlfield tag="001">006812941</controlfield><controlfield tag="003">MiAaHDL</controlfield><controlfield tag="005">20190719000000.0</controlfield><controlfield tag="006">m        d        </controlfield><controlfield tag="007">cr bn ---auaua</controlfield><controlfield tag="008">090604s1495    xx            00| ||per d</controlfield><datafield tag="035" ind1=" " ind2=" "><subfield code="a">(MiU)006812941</subfield></datafield><datafield tag="035" ind1=" " ind2=" "><subfield code="a">sdr-miu006812941</subfield></datafield><datafield tag="040" ind1=" " ind2=" "><subfield code="a">MiU</subfield><subfield code="c">MiU</subfield><subfield code="e">amremm</subfield></datafield><datafield tag="043" ind1=" " ind2=" "><subfield code="a">n-us-mi</subfield></datafield><datafield tag="100" ind1="0" ind2=" "><subfield code="6">880-01</subfield><subfield code="a">Jalāl al-Dīn Rūmī,</subfield><subfield code="c">Maulana,</subfield><subfield code="d">1207-1273.</subfield></datafield><datafield tag="240" ind1="1" ind2="0"><subfield code="6">880-02</subfield><subfield code="a">Mas̲navī</subfield></datafield><datafield tag="245" ind1="1" ind2="0"><subfield code="6">880-03</subfield><subfield code="a">Kitāb al-Mas̲navī,</subfield><subfield code="f">[901, i.e. 1495].</subfield></datafield><datafield tag="246" ind1="3" ind2=" "><subfield code="a">Kitāb al-Mathnawī</subfield></datafield><datafield tag="246" ind1="3" ind2=" "><subfield code="6">880-04</subfield><subfield code="a">Mas̲navī-i maʻnavī</subfield></datafield><datafield tag="246" ind1="3" ind2=" "><subfield code="i">Title from colophon:</subfield><subfield code="a">كتاب المثنوي المعنوي المولوي</subfield></datafield><datafield tag="260" ind1=" " ind2=" "><subfield code="c">[1495].</subfield></datafield><datafield tag="300" ind1=" " ind2=" "><subfield code="a">353 leaves :</subfield><subfield code="b">paper ;</subfield><subfield code="c">215 x 140 (50-140 x 55-100) mm. bound to 220 x 135 mm.</subfield></datafield><datafield tag="500" ind1=" " ind2=" "><subfield code="a">Shelfmark: Ann Arbor, University of Michigan, Special Collections Library, Isl. Ms. 294</subfield></datafield><datafield tag="500" ind1=" " ind2=" "><subfield code="a">Origin: As appears in colophon on fol.353a (p.705), transcription finished in Rabīʻ I "shahr Mawlid al-Nabī" 901 [Nov-Dec 1495].</subfield></datafield><datafield tag="500" ind1=" " ind2=" "><subfield code="a">Binding: Pasteboards covered in fine dark brown leather; Type II binding (with flap) ; doublures in light brown leather ; upper and lower covers feature a large rectangular central field with intricate, repeating geometrical/vegetal pattern, bordered by a relatively narrow frame ; frame contains a series of small panels, in which elements of the central pattern are featured ; pattern continues onto flap ; doublures feature a central medallion with two smaller pendants and corner pieces, all with filigree design over a background of lapis lazuli and outlined in gold paint ; edges of textblock gold-flecked and carry gold-painted vegetal decoration ; sewn in white thread, two stations ; endbands in green and gold ; in very poor condition with lower cover completely detached at spine, front cover and flap both on the verge of detaching, though decoration is in good shape ; evidence of made endpapers in red marbled paper, now removed ; housed in box for protection.</subfield></datafield><datafield tag="500" ind1=" " ind2=" "><subfield code="a">Support: non-European (Persian) laid paper with 8 laid lines per cm. (vertical) and no chain lines visible ; lightly burnished ; relatively thin ; in good condition with some repairs and reinforcements.</subfield></datafield><datafield tag="500" ind1=" " ind2=" "><subfield code="a">Decoration: Fine illuminated headpieces (ʻunwān/ʻanāwīn) found at the openings of each of the six books of the work (pp.4-5, 116, 214, 350, 458, 576) ; illuminated marginal decoration surrounds the prose dībāchah (pp.2-3) with lapis lazuli frame filled with a repeating, rectilinear vegetal pattern in gold, white, black, turquoise, and red and tīghs executed in blue ; frontispiece at the opening of the first book carries the first verses set apart in a double-page illumination with exquisite decoration matching the style of the dībāchah pages, but more elaborate ; aside from initial folia, written area surrounded by heavy gold frame and outermost blue fillet ; chapter headings often rubricated or chrysographed and set in cloud-bands of pink and yellow (gold?) cross-hatching ; text of dībāchah and colophon chrysographed.</subfield></datafield><datafield tag="500" ind1=" " ind2=" "><subfield code="a">Script: Naskh ; headings and text of opening pages (dībāchah) done in tawqīʻ.</subfield></datafield><datafield tag="500" ind1=" " ind2=" "><subfield code="a">Layout: Written in 21 lines per page ; incipit and facing page in 18 lines per page ; verses in frontispiece for opening book in 7 lines per page ; written area divided mainly into four columns, except on the initial pages of each book, which feature only a single column.</subfield></datafield><datafield tag="500" ind1=" " ind2=" "><subfield code="a">Collation: i, III+2 (8), 9 V(98), IV+1 (107), 24 V(347), IV-2 (353), ii ; chiefly quinions, with one anomalous ternion and two anomalous quaternions ; catchwords present ; pagination in pencil, Western numerals, supplied during cataloguing.</subfield></datafield><datafield tag="500" ind1=" " ind2=" "><subfield code="a">Colophon: "Scribal," in Arabic, reads: "تم الکتاب المثنوی المعنوی المولوی بحمد الله و منه في شهر مولود النبی علیه السلام سنه احدي وتسعمایه الهجریه"</subfield></datafield><datafield tag="500" ind1=" " ind2=" "><subfield code="a">Explicit: "قصه کوته کن که رفتم در حجاب هین خمش و الله اعلم بالصواب"</subfield></datafield><datafield tag="500" ind1=" " ind2=" "><subfield code="a">Incipit: "هذا کتاب المثنوی وهو اصول اصول اصول [كذا] الدین فی کشف اسرار الوصول والیقین ..."</subfield></datafield><datafield tag="500" ind1=" " ind2=" "><subfield code="a">Title from opening (p.2).</subfield></datafield><datafield tag="500" ind1=" " ind2=" "><subfield code="a">Ms. codex.</subfield></datafield><datafield tag="510" ind1="4" ind2=" "><subfield code="a">Cat. Pers. MSS. Brit. Mus.,</subfield><subfield code="c">p. 584b</subfield></datafield><datafield tag="520" ind1="8" ind2=" "><subfield code="a">Exquisite copy of Mawlānā Jalāl al-Dīn Rūmī's didactic poetical work in double verses. Description provided by Derek Mancini-Lander.</subfield></datafield><datafield tag="538" ind1=" " ind2=" "><subfield code="a">Mode of access: Internet.</subfield></datafield><datafield tag="541" ind1=" " ind2=" "><subfield code="c">Purchase ;</subfield><subfield code="a">Acquired by purchase (funds donated by Horace Rackham).</subfield><subfield code="d">1924.</subfield></datafield><datafield tag="546" ind1=" " ind2=" "><subfield code="a">Persian and Arabic.</subfield></datafield><datafield tag="561" ind1=" " ind2=" "><subfield code="a">Possible former inventory marks include inscription in pencil, "181" on front flyleaf ; on p.706, ownership statement in name of Ḥusayn bin Qāsim al-Ṣafavī al-Ḥusaynī with verses (and imprecation) ; possible effaced oval seal impression (totally illegible) on p.705 ; clean copy with virtually no marginal corrections, etc.</subfield></datafield><datafield tag="650" ind1=" " ind2="0"><subfield code="a">Manuscripts, Persian</subfield><subfield code="z">Michigan</subfield><subfield code="z">Ann Arbor.</subfield></datafield><datafield tag="650" ind1=" " ind2="0"><subfield code="a">Persian poetry</subfield><subfield code="y">747-1500.</subfield></datafield><datafield tag="650" ind1=" " ind2="0"><subfield code="a">Masnavis, Persian</subfield><subfield code="v">Early works to 1800.</subfield></datafield><datafield tag="650" ind1=" " ind2="0"><subfield code="a">Sufi poetry, Persian</subfield><subfield code="v">Early works to 1800.</subfield></datafield><datafield tag="655" ind1=" " ind2="7"><subfield code="a">Headpieces (layout features)</subfield><subfield code="y">15th century.</subfield><subfield code="2">aat</subfield></datafield><datafield tag="700" ind1="0" ind2=" "><subfield code="a">Abdülhamid</subfield><subfield code="b">II,</subfield><subfield code="c">Sultan of the Turks,</subfield><subfield code="d">1842-1918,</subfield><subfield code="e">former owner.</subfield></datafield><datafield tag="700" ind1="0" ind2=" "><subfield code="6">880-05</subfield><subfield code="a">Ḥusayn ibn Qāsim al-Ṣafavī al-Ḥusaynī,</subfield><subfield code="e">former owner.</subfield></datafield><datafield tag="773" ind1="0" ind2=" "><subfield code="a">Abdul Hamid Collection.</subfield></datafield><datafield tag="880" ind1="0" ind2=" "><subfield code="6">700-05/</subfield><subfield code="a">حسين بن قاسم الصفوى الحسينى,</subfield><subfield code="e">مالك سابق.</subfield></datafield><datafield tag="880" ind1="3" ind2=" "><subfield code="6">246-04/</subfield><subfield code="a">مثنوى معنوى</subfield></datafield><datafield tag="880" ind1="1" ind2="0"><subfield code="6">245-03/</subfield><subfield code="a">كتاب المثنوي,</subfield><subfield code="f">[901ه, 1495م].</subfield></datafield><datafield tag="880" ind1="1" ind2="0"><subfield code="6">240-02/</subfield><subfield code="a">مثنوى</subfield></datafield><datafield tag="880" ind1="0" ind2=" "><subfield code="6">100-01/</subfield><subfield code="a">جلال الدين رومى,</subfield><subfield code="c">مولانا.</subfield></datafield><datafield tag="CID" ind1=" " ind2=" "><subfield code="a">006812941</subfield></datafield><datafield tag="DAT" ind1="0" ind2=" "><subfield code="a">20190719102637.0</subfield><subfield code="b">20190719000000.0</subfield></datafield><datafield tag="DAT" ind1="1" ind2=" "><subfield code="a">20190719090653.0</subfield><subfield code="b">2019-07-19T16:12:01Z</subfield></datafield><datafield tag="DAT" ind1="2" ind2=" "><subfield code="a">2015-10-10T18:00:06Z</subfield></datafield><datafield tag="CAT" ind1=" " ind2=" "><subfield code="a">SDR-MIU</subfield><subfield code="d">EX LIBRIS - ALEPH</subfield><subfield code="l">prepare.pl-004-008</subfield></datafield><datafield tag="FMT" ind1=" " ind2=" "><subfield code="a">BK</subfield></datafield><datafield tag="HOL" ind1=" " ind2=" "><subfield code="0">sdr-miu006812941</subfield><subfield code="a">MiU</subfield><subfield code="b">SDR</subfield><subfield code="c">MIU</subfield><subfield code="p">mdp.39015079128123</subfield><subfield code="s">MIU</subfield><subfield code="1">006812941</subfield></datafield><datafield tag="974" ind1=" " ind2=" "><subfield code="b">MIU</subfield><subfield code="c">MIU</subfield><subfield code="d">20190719</subfield><subfield code="s">lit-dlps-dc</subfield><subfield code="u">mdp.39015079128123</subfield><subfield code="y">1495</subfield><subfield code="r">pd</subfield><subfield code="q">bib</subfield><subfield code="t">non-US bib date1 &lt; 1896</subfield></datafield></record></collection>